<record><leader>00000cas a22000007a 4500</leader><controlfield tag="001">32941726</controlfield><controlfield tag="008">950809d191019uuokuwr n       0    0eng d</controlfield><datafield ind1=" " ind2=" " tag="010"><subfield code="a">sn 95076093 </subfield></datafield><datafield ind1=" " ind2=" " tag="040"><subfield code="a">OBN</subfield><subfield code="b">eng</subfield><subfield code="c">OBN</subfield><subfield code="d">OCLCQ</subfield><subfield code="d">OCLCO</subfield></datafield><datafield ind1="1" ind2=" " tag="029"><subfield code="a">AU@</subfield><subfield code="b">000025852369</subfield></datafield><datafield ind1=" " ind2=" " tag="042"><subfield code="a">msc</subfield></datafield><datafield ind1=" " ind2=" " tag="043"><subfield code="a">n-us-ok</subfield></datafield><datafield ind1="0" ind2="4" tag="245"><subfield code="a">The Porum journal.</subfield></datafield><datafield ind1=" " ind2=" " tag="260"><subfield code="a">Porum, Muskogee County, Okla. :</subfield><subfield code="b">J.H. Price</subfield></datafield><datafield ind1=" " ind2=" " tag="300"><subfield code="a">v.</subfield></datafield><datafield ind1=" " ind2=" " tag="310"><subfield code="a">Weekly</subfield></datafield><datafield ind1="0" ind2=" " tag="362"><subfield code="a">Vol. 7, no. 6 (May 6, 1910)-</subfield></datafield><datafield ind1=" " ind2="0" tag="651"><subfield code="a">Porum (Okla.)</subfield><subfield code="v">Newspapers.</subfield></datafield><datafield ind1=" " ind2="0" tag="651"><subfield code="a">Muskogee County (Okla.)</subfield><subfield code="v">Newspapers.</subfield></datafield><datafield ind1=" " ind2=" " tag="752"><subfield code="a">United States</subfield><subfield code="b">Oklahoma</subfield><subfield code="c">Muskogee</subfield><subfield code="d">Porum.</subfield></datafield><datafield ind1="0" ind2="0" tag="780"><subfield code="t">Haskell journal</subfield><subfield code="w">(DLC)sn 95076094</subfield><subfield code="w">(OCoLC)32941785</subfield></datafield><datafield ind1="0" ind2="0" tag="785"><subfield code="t">Porum leader</subfield></datafield></record>